<?xml version="1.0" encoding="UTF-8"?><collection xmlns="http://www.loc.gov/MARC21/slim"><record><leader>00395nam--2200133-i-4500</leader><controlfield tag="001">000009566</controlfield><controlfield tag="002">20161230</controlfield><controlfield tag="005">20161230201028</controlfield><controlfield tag="008">060222s1000------------r-----000-0-eng-d</controlfield><datafield ind1=" " ind2=" " tag="080"><subfield code="a">621.039.519(035.3)</subfield></datafield><datafield ind1=" " ind2=" " tag="100"><subfield code="a">Boland, James F</subfield></datafield><datafield ind1=" " ind2=" " tag="245"><subfield code="a">Nuclear reactor instrumentation (in-core) an aec monograph</subfield></datafield><datafield ind1=" " ind2=" " tag="260"><subfield code="a">New York, Gordon And Breach Science Publishers 1970. Xiii + 229 P</subfield></datafield><datafield ind1=" " ind2=" " tag="852"><subfield code="a">34236</subfield></datafield></record></collection>